@techreport{losalamos,
  title = "Analytical Benchmark Test Set for Criticality Code Verification",
  author = "Avneet Sood and R. A. Forster and D. K. Parsons",
  editor = "Patricia W. Mendius",
  institution = "Los Alamos National Laboratory",
  number = "LA-13511",
  year = "1999",
  language = "english",
  hyphenation = "english",
}

@PhDThesis{ chaco,
  title = "Metodología de análisis neutrónico de celdas de reactores de agua pesada",
  author = "Héctor Lestani",
  school = "Instituto Balseiro",
  type = "Tesis de Doctorado en Ingeniería Nuclear",
  year = "2014",
  language = "spanish",
  hyphenation = "spanish",

}

@PhDThesis{ nacho,
	title = "Desarrollo y aplicaciones de nuevas bibliotecas de secciones eficaces neutrónicas para H$_2$O, D$_2$O y HDO",
	author = "José Ignacio Márquez Damián",
	school = "Instituto Balseiro",
	type = "Tesis de Doctorado en Ciencias de la Ingeniería",
	year = "2014",
 language = "spanish",
 hyphenation = "spanish",

}

@book{faif,
 author = "Sam Williams",
 title = "Free as in Freedom: Richard Stallman's Crusade for Free Software",
 publisher = "O'Reilly",
 year = "2002",
 language = "english",
 hyphenation = "english",

}

@book{cathedral,
 author = "Eric S. Raymond",
 title = "The Cathedral and the Bazaar",
 publisher = "O'Reilly",
 edition = "Second",
 year = "2001",
 language = "english",
 hyphenation = "english",
}

@book{hack-rms,
 author = "Tere Vad\'en and Richard M. Stallman",
 title = "The Hacker Community and Ethics: An Interview with Richard M. Stallman",
 publisher = "Tampere University Press",
 year = "2002",
 language = "english",
 hyphenation = "english",
}

@book{raymond,
 title = "The Art of {UNIX} Programming",
 author = "Eric S. Raymond",
 publisher = "Addison-Wesley",
 year="2003",
 language = "english",
 hyphenation = "english",
}

@book{knuth-languages,
 title = "Selected Papers on Computer Languages",
 author = "Donald E. Knuth",
 publisher = "Center for the Study of Language and Information",
 year = "2003",
 language = "english",
 hyphenation = "english",
}

@article {gnu-manifesto,
 author = "Richard M. Stallman",
 title = "The {GNU} Manifesto",
 journal = "Dr. Dobb's Journal of Software Tools",
 volume = "10",
 number = "3",
 page = "30",
 year = "1985",
 language = "english",
 hyphenation = "english",
}

@techreport{ANS-19.3-2011,
 author = "ANS",
 number = "ANS-19.3-2011",
 title = "Steady-State Neutronics Methods for Power Reactor Analysis",
 institution = "American Nuclear Society",
 year = "2011",
 language = "english",
 hyphenation = "english",
}

@Book{henry,
    title = "Nuclear reactor analysis",
    author = "Henry, A. F.",
    publisher = "Cambridge, MIT",
    year = "1975",
 language = "english",
 hyphenation = "english",

}

@Book{lamarsh,
    title = "Introduction to Nuclear Reactor Theory",
    author = "Lamarsh, J. R.",
    publisher = "Addisson-Wesley",
    year = "1966",
 language = "english",
 hyphenation = "english",

}

@Book{duderstadt,
    title = "Nuclear reactor analysis",
    author = "Duderstadt, J. J.  and Hamilton, L. J.",
    publisher = "Wiley, New York",
    year = "1976",
 language = "english",
 hyphenation = "english",

}

@book{glasstone,
    author = "Glasstone, S. Bell, G.",
    title = "Nuclear reactor theory",
    publisher = "Krieger Publishing Company",
    year = "1970",
 language = "english",
 hyphenation = "english",
}

@Article{Hernandez:2005:SSF,
   author  = "Hernandez, V. and Roman, J. E. and Vidal, V.",
   title   = "{SLEPc}: A Scalable and Flexible Toolkit for the Solution of Eigenvalue Problems",
   journal = "ACM Transactions on Mathematical Software",
   volume  = "31",
   number  = "3",
   pages   = "351--362",
   month   = sep,
   year    = "2005",
 language = "english",
 hyphenation = "english",

}

@book{lewis,
  author = "Lewis, E. E. and Miller, W. F.",
  title = "Computational Methods of Neutron Transport",
  publisher = "John Wiley and Sons",
  year = "1984",
 language = "english",
 hyphenation = "english",
}

@book{stammler,
  author = "Stammler, R. J. G. and Abbate, M. J.",
  title = "Methods of Steady-State Reactor Physics in Nuclear Design",
  publisher = "Academic Press",
  year = "1983",
 language = "english",
 hyphenation = "english",
}

@book{stacey,
  author = "Stacey, W. M.",
  title = "Nuclear Reactor Physics",
  publisher = "Wiley-VCH",
  edition = "Second",
  year = "2007",
 language = "english",
 hyphenation = "english",
}

@book{zienkiewicz1,
  author = "Zienkiewicz, O. C.  and Taylor, R. L. and Zhu,  J. Z. ",
  title = "The Finite Element Method: its basis and fundamentals",
  volume = "1",
  year = "2005",
  edition = "6th",
  publisher = "Elsevier",
 language = "english",
 hyphenation = "english",
}

@book{zienkiewicz3,
  author = "Zienkiewicz, O. C.  and Taylor, R. L.",
  title = "The Finite Element Method for Solid and Structural Mechanics",
  volume = "3",
  year = "2005",
  edition = "6th",
  publisher = "Elsevier",
 language = "english",
 hyphenation = "english",
}

@article{gmsh,
  author = "Geuzaine, C.  and Remacle, J. F. ",
  title = "Gmsh: a three-dimensional finite element mesh generator with built-in pre- and post-processing facilities",
  journal = "International Journal for Numerical Methods in Engineering",
  volume = "79",
  number = "11",
  pages = "1309--1331",
  year = "2009",
 language = "english",
 hyphenation = "english",
}

@TechReport{petsc-user-ref,
  Author = "Balay, S. and Brown, J. and Buschelman, K. and Eijkhout, V. and Gropp, W. D. and  Kaushik, D. and Knepley, M. G. and Curfman McInnes, L. and Smith, B. F. and Zhang, H.",
  Title = "{PETS}c Users Manual",
  Number = "ANL-95/11 - Revision 3.4",
  Institution = "Argonne National Laboratory",
  Year = "2013",
 language = "english",
 hyphenation = "english",
}

@InProceedings{petsc-efficient,
            Author = "Balay, S. and Gropp, W. D. and Curfman McInnes, L. and Smith, B. F.",
            Title = "Efficient Management of Parallelism in Object Oriented Numerical Software Libraries",
            Booktitle = "Modern Software Tools in Scientific Computing",
            Editor = "E. Arge and A. M. Bruaset and H. P. Langtangen",
            Pages = "163--202",
            Publisher = "Birkh{\"{a}}user Press",
            Year = "1997",
 language = "english",
 hyphenation = "english",
}

@manual{gsl,
 author = "Galassi, M. and others",
 title = "{GNU} Scientific Library Reference Manual",
 edition = "3rd",
 note = "ISBN 0954612078",
 language = "english",
 hyphenation = "english",}

@article{delquad,
 author = "Remacle, J. F. and Henrotte, F. and Carrier-Baudouin, T. and B{\'e}chet, E. and Marchandise, E. and Geuzaine, C. and Mouton, T.",
 title = "A frontal Delaunay quad mesh generator using the {$L^\infty$} norm",
 journal = "International Journal for Numerical Methods in Engineering",
 volume = "94",
 number = "5",
 pages = "494--512",
 month = may,
 year = "2013",
 language = "english",
 hyphenation = "english",}

@article{krylov-schur,
 author = "Stewart, G. W.",
 title = "A {K}rylov-{S}chur Algorithm for Large Eigenproblems",
 journal = "SIAM Journal on Matrix Analysis and Applications",
 number = "23",
 volume = "3",
 pages = "601--614",
 year = "2002",
 language = "english",
 hyphenation = "english",
}

@article{kdtree,
 author = "Bentley, J. L",
 title = "Multidimensional binary search trees used for associative searching",
 journal = "Communications of the ACM",
 volume = "18",
 issue = "9",
 month = sep,
 pages = "509--517",
 year = "1975",
 language = "english",
 hyphenation = "english",
}

@Techreport{anl7416,
    number = "{ANL-7416} Supplement 2",
    title = "{A}rgonne {C}ode {C}enter: {B}enchmark Problem Book",
    author = "{ANS}",
    institution = "{A}rgonne {N}ational {L}aboratory",
    year = "1977",
    month = "June",
 language = "english",
 hyphenation = "english",
}

@article{gumersindo,
  author = "\'Alvaro Bernal and Rafael Mir\'o and Dami\'an Ginestar and Gumersindo Verd\'u",
  title = "Resolution of the Generalized Eigenvalue Problem in the Neutron Diffusion Equation Discretized by the Finite Volume Method",
  journal = "Abstract and Applied Analysis",
  volume = "913043",
  year = "2014",
  note = "doi:10.1155/2014/913043",
 language = "english",
 hyphenation = "english",
}

@InProceedings{computadoras65,
    Author     = "W. J. Worlton and E. A. Voorhees",
    Title      = "Recent Developments in Computers and Their Implication for Reactor Calculations",
    organization = "American Nuclear Society",
    Booktitle  = "Proceedings of the Conference on the Applications to Reactor Problems",
    Year       = "1965",
 language = "english",
 hyphenation = "english",

} 

@book{texbook,
  author = "Donald E. Knuth",
  title = "The TeXbook",
  publisher = "Addison-Wesley",
  year = "1984",
 language = "english",
 hyphenation = "english",

}

@book{c-programming,
 author = "Brian W. Kernighan and Dennis M. Ritchie",
 title = "The {C} Programming Language",
 publisher = "Prentice Hall",
 edition = "2nd",
 year = "1988",
 language = "english",
 hyphenation = "english",

}

@book{blaauw,
 author = "Gerrit A. Blaauw and Frederick P. Brooks",
 title = "Computer Architecture: Concepts and Evolution",
 publisher = "Addison-Wesley",
 year = "1997",
 language = "english",
 hyphenation = "english",

}

@mastersthesis{rivero2011,
  title = "Optimizaci{\'o}n computacional de la soluci{\'o}n num{\'e}rica de la ecuaci{\'o}n de difusi{\'o}n de neutrones",
  author = "M. Rivero",
  type = "Tesis de la {M}aestr{\'i}a en {S}imulaci{\'o}n {N}um{\'e}rica y {C}ontrol",
  school = "Univesidad de Buenos Aires",
  year = "2011",
 language = "spanish",
 hyphenation = "spanish",

}

@MastersThesis{nachogatech,
 title = "Multilevel Acceleration of Neutron Transport Calculations",
 author = "José Ignacio Márquez Damián",
 school = "Georgia Institute of Technology",
 year = "2007",
 language = "english",
 hyphenation = "english",
}

@MastersThesis{park,
 title = "Coupled Space-Angle Adaptivity And Goal-Oriented Error Control For Radiation Transport Calculations",
 author = "Hyeong Kae Park",
 school = "Georgia Institute of Technology",
 year = "2006",
 language = "english",
 hyphenation = "english",
}


