@article{milongaiaea2011,
    author = "Theler, G. and Bonetto, F. J. and Clausse, A.",
    journal = "Actas de la Reunión Anual de la Asociación Argentina de Tecnología Nuclear",
    location = "Buenos Aires, Argentina",
    title = "Solution of the 2D IAEA PWR Benchmark with the neutronic code milonga",
    volume = "XXXVIII",
    year = "2011",
    language = "english",
    hyphenation = "english",
}

@article{milongabase2010,
    author = "Theler, G. and Bonetto, F. J. and Clausse, A.",
    journal = "Reunion Anual de la Asociacion Argentina de Tecnologia Nuclear",
    location = "Buenos Aires, Argentina",
    title = "{Optimización de parametros en reactores de potencia: base de diseño del codigo neutrónico milonga}",
    volume = "XXXVII",
    year = "2010",
    language = "spanish",
    hyphenation = "spanish",

}

@inproceedings{aatn-dypra-2009,
 author="Theler G. and Di Cesare J. and Garbero R. and Schivo M. and Rivero M.",
 title = "Desarrollo y acople de códigos de cálculo para simulación de transitorios de operación de la Central Nuclear Atucha~II",
 booktitle = "Actas de la  XXXVI Reunión Anual de la Asociación Argentina de Tecnología Nuclear",
 year = "2009",
 location = "Buenos Aires",
 language = "spanish",
 hyphenation = "spanish",
} 

@inproceedings{aatn-dypra-2010,
 author="Rivero M. and Theler G. and Di Cesare J. and Garbero R. and Schivo M.",
 title = "Desarrollo y acople de códigos de cálculo para simulación de transitorios de operación de la Central Nuclear Atucha~II",
 booktitle = "Actas de la  XXXVII Reunión Anual de la Asociación Argentina de Tecnología Nuclear",
 year = "2010",
 location = "Buenos Aires",
 language = "spanish",
 hyphenation = "spanish",
}

@inproceedings{aatn-dypra-2011,
 author="Di Cesare J. and Garbero R. and Schivo M. and Rivero M. and Theler G.",
 title = "Inclusión del simulador de~Teleperm XS en la suite de calculo acoplada DyPRA para transitorios de operación de Atucha~II",
 booktitle = "Actas de la  XXXVIII Reunión Anual de la Asociación Argentina de Tecnología Nuclear",
 year = "2011",
 location = "Buenos Aires",
 language = "spanish",
 hyphenation = "spanish",
}

@inproceedings{aatn-dypra-2012,
 author="Garbero R. and Di Cesare J. and Schivo M. and Rivero M. and Theler G.",
 title = "Emulación del control de potencia y nivel de presurizador con la suite de cálculo acoplado DyPRA en transitorios de operación de Atucha~II",
 booktitle = "Actas de la  XXXIX Reunión Anual de la Asociación Argentina de Tecnología Nuclear",
 year = "2012",
 location = "Buenos Aires",
 language = "spanish",
 hyphenation = "spanish",
}

@inproceedings{aatn-cpl-2012,
 author="Gómez Omil J.P. and Theler G. and Mazzantini O.",
 title = "Esquema de acople entre RELAP y códigos de control para el cálculo de transitorios de seguridad en la Central Nuclear Atucha~II",
 booktitle = "Actas de la XXXIX Reunión Anual de la Asociación Argentina de Tecnología Nuclear",
 year = "2012",
 location = "Buenos Aires",
 language = "spanish",
 hyphenation = "spanish",
}

@inproceedings{ing2010-pumita,
 author = "Rivero M. and Theler G.",
 title = "Optimization of the numerical solution of the nuclear reactor neutron diffusion equation",
 booktitle = "Congreso Mundial y Exposición Ingeniería 2010, Buenos Aires",
 year = "2010",
 location = "Buenos Aires",
 language = "english",
 hyphenation = "english",
}

@inproceedings{ing2014-boro,
 author = "Theler G. and Mazzatini O.",
 title = "Desarrollo de capacidades locales para ingeniería de licenciamiento de centrales nucleares: evaluación de los efectos de la inyección de boro de emergencia",
 booktitle = "Congreso Ingeniería 2014, Buenos Aires",
 year = "2014",
 location = "Buenos Aires",
 language = "spanish",
 hyphenation = "spanish",
}

@inproceedings{aatn-pumita-2014,
 author="Theler G.",
 title = "Generalización del código neutrónico PCE para su aplicación a Atucha~I",
 booktitle = "Actas de la  XLI Reunión Anual de la Asociación Argentina de Tecnología Nuclear",
 year = "2014",
 location = "Buenos Aires",
 language = "spanish",
 hyphenation = "spanish",
}

@inproceedings{aatn-xs-2014,
 author="Roqueta D. and Tarazaga A. and Theler G.",
 title = "Cálculo de Secciones Eficaces Condensadas a 2 Grupos, para Simulación de Transitorios con Inyección Rápida de Boro Enriquecido",
 booktitle = "Actas de la  XLI Reunión Anual de la Asociación Argentina de Tecnología Nuclear",
 year = "2014",
 location = "Buenos Aires",
 language = "spanish",
 hyphenation = "spanish",
}

@inproceedings{aatn-aet-2014,
 author="Tarazaga A. and Theler G. and Roqueta D.",
 title = "Desarrollo de la neutrónica del segundo sistema de extinción de la Central Nuclear Atucha~I para su implementación en un esquema de acople completo de control, termohidráulica y neutrónica",
 booktitle = "Actas de la  XLI Reunión Anual de la Asociación Argentina de Tecnología Nuclear",
 year = "2014",
 location = "Buenos Aires",
 language = "spanish",
 hyphenation = "spanish",
}

 
