% ----------------------
% Informes de TECNA S.A
% ----------------------
  
% Numeración 10105.
  
@techreport{manual-relapcpl,
 title = "RELAP5CPL: Extensión del código RELAP para permitir la realización de simulaciones termofluidodinámicas acopladas con códigos de cálculo externos",
 author = "G. Theler",
 number = "10105-G-IT-001",
 institution = "TECNA S.A.",
 year = "2010",
 language = "spanish",
 hyphenation = "spanish",
}

@techreport{pumitacpl,
 title = "PUMITACPL: Extensión del Programa Cinético Espacial de cálculo neutrónico 3D para permitir simulaciones con realimentación termohidráulica y señales de control externas",
 author = "G. Theler and M. Rivero",
 number = "10105-G-IT-004",
 institution = "TECNA S.A.",
 year = "2010",
 language = "spanish",
 hyphenation = "spanish",
}

@techreport{dypra-steady,
 title = "Cálculo  de condiciones de estado estacionario de la CNA2 con DyPRA",
 author = "G. Theler",
 number = "10105-G-IT-019",
 institution = "TECNA S.A.",
 year = "2012",
 language = "spanish",
 hyphenation = "spanish",
}

@techreport{pumita-opt,
 title = "Optimización computacional del código PCE",
 author = "M. Rivero",
 number = "10105-G-IT-007",
 institution = "TECNA S.A.",
 year = "2010",
 language = "spanish",
 hyphenation = "spanish",
}

@TechReport{doppler,
        title = "Estimaci\'on del coeficiente de reactividad por temperatura del combustible mediante ajuste de modelos matem\'aticos a mediciones experimentales",
        number = "10105-G-IT-101",
        revision = "A",
        institution = "TECNA~S.A.",
        author = "G. Theler",
        year = "2013",
        language = "spanish",
        langid = "spanish",
}

@techreport{chequeo-barras,
 author = "G. Theler",
 title = "Verificación de la geometría discretizada de las barras de control de la CNA2 en el código neutrónico de núcleo PCE",
 institution = "TECNA S.A.",
 number = "10105-G-IT-103",
 year = "2013",
 language = "spanish",
 hyphenation = "spanish",
}

% Numeración 10527.

@TechReport{doppler5,
        title = "Estimaci\'on del coeficiente de reactividad por temperatura del combustible con n\'ucleo  fresco al 5 por ciento de potencia",
        number = "10527-N-IT14-101",
        revision = "B",
        institution = "TECNA~S.A.",
        author = "G. Theler",
        language = "spanish",
        langid = "spanish",
        year = "2014",
}

@techreport{acople-cna1,
 author = "G. Theler",
 title = "On the implementation of reactor control and protection systems as Fortran routines and data exchange mechanisms between RELAP and other codes",
 institution = "TECNA S.A.",
 number = "10527-N-IT14-102",
 year = "2014",
 language = "english",
 hyphenation = "english",
}

@TechReport{doppler30,
        title = "Estimaci\'on del coeficiente de reactividad por temperatura del combustible con n\'ucleo  fresco al 30 por ciento de potencia",
        number = "10527-N-IT14-103",
        revision = "A",
        institution = "TECNA~S.A.",
        author = "G. Theler",
        language = "spanish",
        langid = "spanish",
        year = "2014",
}

@TechReport{doppler50,
        title = "Estimaci\'on del coeficiente de reactividad por temperatura del combustible con n\'ucleo  fresco al 50 por ciento de potencia",
        number = "10527-N-IT14-105",
        revision = "A",
        institution = "TECNA~S.A.",
        author = "G. Theler",
        language = "spanish",
        langid = "spanish",
        year = "2014",
}

@TechReport{doppler75,
        title = "Estimaci\'on del coeficiente de reactividad por temperatura del combustible con n\'ucleo  fresco al 75 por ciento de potencia",
        number = "10527-N-IT14-107",
        revision = "A",
        institution = "TECNA~S.A.",
        author = "G. Theler",
        language = "spanish",
        langid = "spanish",
        year = "2014",
}

@TechReport{doppler90,
        title = "Estimaci\'on del coeficiente de reactividad por temperatura del combustible con n\'ucleo  en equilibrio al 90 por ciento de potencia",
        number = "10527-N-IT15-108",
        revision = "A",
        institution = "TECNA~S.A.",
        author = "R. Vignolo and G. Theler",
        language = "spanish",
        langid = "spanish",
        year = "2014",
}

@TechReport{info-extensiones-pce,
  author = "G. Theler",
  title = "Descripción de las extensiones al Programa Cinético Espacial (PCE) realizadas por TECNA.", 
  number = "10527-N-IT15-301",
  institution = "TECNA S.A.",  
  year = "2015",
  langid = "spanish",
  language = "spanish",
}

@TechReport{info-modelo-nucleo-cna1,
  author = "A. Tarazaga and G. Theler",
  title = "Descripción del modelo de núcleo en código PUMA de la Central Nuclear Atucha~I y su implementación en el código neutrónico \emph{PCEx}.", 
  number = "10527-N-IT15-303",
  institution = "TECNA S.A.",  
  year = "2015",
  langid = "spanish",
  language = "spanish",
}

@TechReport{info-comparacion-puma-pcex,
  author = "A. Tarazaga",
  title = "Comparación de resultados obtenidos con los códigos PUMA y \emph{PCEx} en cálculos estáticos usando el modelo de la Central Nuclear Atucha~I.", 
  number = "10527-N-IT15-304",
  institution = "TECNA S.A.",  
  year = "2015",
  langid = "spanish",
  language = "spanish",
}

@TechReport{info-xs-bubo,
  author = "A. Tarazaga and G. Theler",
  title = "Análisis de las dependencias de las secciones eficaces macroscópicas calculadas a partir de \emph{WIMS-D} para la representación del Segundo Sistema de Extinción de la Central Nuclear Atucha~I, y su implementación en el código \emph{PCEx}", 
  number = "10527-N-IT15-305",
  institution = "TECNA S.A.",  
  year = "2015",
  langid = "spanish",
  language = "spanish",
}

@TechReport{info-mapeo-nube,
  author = "A. Tarazaga and G. Theler and R. Vignolo",
  title = "Modelado en \emph{PCEx} de la nube de boro correspondiente al Segundo Sistema de Extinción de la Central Nuclear Atucha~I",
  number = "10527-N-IT15-306",
  institution = "TECNA S.A.",
  year = "2015",
  langid = "spanish",
  language = "spanish",
}

@TechReport{info-reactividad-boro,
  author = " Ramiro Vignolo and Juan Pablo Gómez Omil",
  title = "Determinación y análisis de la reactividad insertada por el boro proveniente del segundo sistema de extinción de la Central Nuclear Atucha~I para dos y tres lanzas",
  institution = "TECNA S.A.",
  year = "2015",
  number = "10527-N-IT15-307",
  language = "spanish",
}

@TechReport{info-coef-reactividad,
  author = "Juan Pablo Gómez Omil and Ramiro Vignolo and Ariel Tarazaga",
  title = "Cálculo de coeficientes de reactividad y curvas de reactividad de bancos de barras de la Central Nuclear Atucha~I",
  institution = "TECNA S.A.",
  year = "2015",
  number = "10527-N-IT15-308",
  language = "spanish",
}

@TechReport{info-xenon-puntual,
  author = "Juan Pablo Gómez Omil and Germán Theler and Ramiro Vignolo and Ariel Tarazaga",
  title = "Cálculo de los coeficientes para la ecuación puntual de Xenon y de Iodo a partir de cálculos espaciales",
  institution = "TECNA S.A.",
  year = "2015",
  number = "10527-N-IT15-309",
  language = "spanish",
}

@TechReport{modelos-pastilla-relap,
  author = "G. Giuntoli",
  title = "Modelos de RELAP para la determinación de perfiles de temperatura del combustible",
  institution = "TECNA S.A.",
  year = "2016",
  number = "10527-N-IT16-316", 
  language = "spanish",
}

% misma numeración pero aún no publicados

@unpublished{pcex,
  author = "Germán Theler",
  title = "Descripción del código PCEx",
  institution = "TECNA S.A.",
  year = "2015",
  number = "10527-N-IT15-302",
  note = "Informe técnico 10527-N-IT15-302 en preparación",
  language = "spanish",
}

@unpublished{reall-cnai,
  author = "Juan Pablo Gómez Omil and Cecilia Syrewicz",
  title = "Desarrollo de las rutinas de ReaLL para la Central Nuclear Atucha~I",
  institution = "TECNA S.A.",
  year = "2015",
  number = "10527-N-IT15-311",
  note = "Informe en preparación",
  language = "spanish",
}

@unpublished{info-acople-doble,
  author = "Juan Pablo Gómez Omil",
  title = "Descripción del esquema de acople entre RELAP5 y ReaLL-CNA1",
  institution = "TECNA S.A.",
  year = "2015",
  number = "10527-N-IT15-313",
  note = "Informe en preparación",
  language = "spanish",
}

@unpublished{info-acople-triple,
  author = "Juan Pablo Gómez Omil",
  title = "Descripción del esquema de acople entre RELAP5, ReaLL-CNA1 y \emph{PCEx}",
  institution = "TECNA S.A.",
  year = "2015",
  number = "10527-N-IT15-314",
  note = "Informe en preparación",
  language = "spanish",
}


% -------------------
% Informes de NA-SA
% -------------------

@TechReport{nota-tecnica,
  author = "J. Fink and J. Villar",
  title = "Nota Técnica dirigida a Carloni",
  number = "NT-FN/00/01",
  institution = "NA-SA",
  year = "2000",
  langid = "spanish",
  language = "spanish",
}

@TechReport{trans072,
  author = "M. Schivo",
  title = "CNA1 - Actualización del informe de seguridad: ampliación de entrada de datos del RELPA5/MOD3.2.2 para cálculos transitorios",
  institution = "NA-SA",
  year = "2005",
  language = "spanish",
}

% misma institution pero aún no publicados

@unpublished{plenum-sup,
  author = "Hernán De Lorenzo",
  title = "Documento técnico CNAII: NODALIZACIÓN DEL PLENUM SUPERIOR DE ATUCHA~I PARA EL CÓDIGO RELAP",
  institution = "NA-SA",
  year = "2014",
  note = "Informe en preparación",
  language = "spanish",
}

@unpublished{plenum-inf,
  author = "Hernán De Lorenzo",
  title = "Documento técnico CNAII: NODALIZACIÓN DEL PLENUM INFERIOR DE ATUCHA~I PARA EL CÓDIGO RELAP",
  institution = "NA-SA",
  year = "2014",
  note = "Informe en preparación",
  language = "spanish",
}

@unpublished{canales,
  author = "Gustavo Bedrossian and Hernán De Lorenzo and Juan Pablo Gómez Omil",
  title = "Documento técnico CNAII: NODALIZACIÓN DE LOS CANALES REFRIGERANTES DE ATUCHA~I PARA EL CÓDIGO RELAP",
  institution = "NA-SA",
  year = "2014",
  note = "Informe en preparación",
  language = "spanish",
}


% -------------------
% Informes Varios
% -------------------

@techreport{milonga-db,
 author = "G. Theler",
 title = "On the design basis of a new core-level neutronic code written from scratch: the milonga free nuclear reactor core analysis code",
 number = "WA-MI-AR-14-11D3",
 year = "2014",
 language = "english",
 hyphenation = "english",
}

@techreport{wasora,
 author = "G. Theler",
 title = "Description of the computational tool wasora",
 number = "CIT-WSWA-TD-9E3D",
 year = "2016",
 language = "english",
 hyphenation = "english",
}

@TechReport{xdfrrpf,
  author = "J. P. Gómez Omil",
  title = "Description of the plug-in \emph{xdfrrpf}",
  number = "10661-N-IT16-001",
  institution = "TECNA S.A.",
  year = "2016",
  langid = "english",
  language = "english",
}

@TechReport{relap5-mod3.3,
  title = "{RELAP5/MOD3.3} {C}ode {M}anual {V}olume~{I}: {C}ode {S}tructure, {S}ystem {M}odels, and {S}olution {M}ethods",
  author = "Information Systems Laboratories Inc.",
  number = "NUREG/CR-5535/Rev~1",
  year = "2001"
}