@article{dypra-stni,
    author = "Theler, G. and Mazzantini, O. and Schivo, M. and {Di Cesare}, J. and Garbero, R. and Rivero, M.",
    journal = "Science and Technology of Nuclear Installations",
    title = "{A coupled calculation suite for Atucha II operational transients analysis}",
    volume = "2011:785304",
    year = "2011",
    language = "english",
    hyphenation = "english",

}

@TechReport{handbook-dragon,
  author = "G. Marleau, A. Hébert and R. Roy",
  title = "A USER GUIDE FOR DRAGON VERSION5",
  institution = "Institut de génie nucléaire, Département de génie mécanique, École Polytechnique de Montréal",
  year = "2015",
  number = "IGE–335", 
  language = "english",
}

@TechReport{handbook-ganlib,
  author = "A. Hébert and R. Roy",
  title = "THE GANLIB5 KERNEL GUIDE",
  institution = "Institut de génie nucléaire, Département de génie mécanique, École Polytechnique de Montréal",
  year = "2016",
  number = "IGE–332", 
  language = "english",
}

@TechReport{geometria-dragon,
  author = "G. Marleau",
  title = "New Geometries Processing in DRAGON: The \texttt{NXT:} Module",
  institution = "Institut de génie nucléaire, Département de génie physique, École Polytechnique de Montréal",
  year = "201",
  number = "IGE–260", 
  language = "english",
}

@book{handbook-ingnuclear,
 author = "D. G. Cacuci",
 title = "Handbook of Nuclear Engineering",
 publisher = "Spinger",
 year = "2010",
 language = "english",
 hyphenation = "english",

}

@article{stability-nucengdes,
    author = "Theler, G. and Bonetto, F. J.",
    journal = "Nuclear Engineering and Design",
    month = jun,
    number = "6",
    pages = "1443--1449",
    title = "On the stability of the point reactor kinetics equations",
    volume = "240",
    year = "2010",
    language = "english",
    hyphenation = "english",

}

@article{stni-meshes,
  author = "G. Theler",
  title = "Unstructured Grids and the Multigroup Neutron Diffusion Equation",
  journal = "Science and Technology of Nuclear Installations",
  volume = "2014:641863",
  year = "2013",
  language = "english",
  hyphenation = "english",
}