@misc{monografia,
  author = "Germán Theler",
  title = "Difusión de neutrones en mallas no estructuradas: comparación entre volúmenes y elementos finitos",
  year = "2013",
  howpublished = "Monografía Final de la materia ``Introducción al método de elementos finitos'', Universidad de Buenos Aires",
  language = "spanish",
  hyphenation = "spanish",

}

@misc{theler2007,
  author = "Germán Theler",
  title = "Controladores basados en lógica difusa y loops de convección natural caóticos",
  year = "2007",
  howpublished = "Proyecto Integrador de la Carrera de Ingeniería Nuclear, Instituto Balseiro",
  language = "spanish",
  hyphenation = "spanish",

}

@misc{theler2008,
  author = "Germán Theler",
  title = "Análisis no lineal de inestabilidades en el problema acoplado termohidráulico-neutrónico",
  year = "2008",
  howpublished = "Tesis de la Carrera de Maestría en Ingeniería, Instituto Balseiro",
  language = "spanish",
  hyphenation = "spanish",
}

