@article{enief-2013-cpl,
 author = "G. Theler and {J. P.} Gómez Omil and E. Pellegrino",
 title = "A shared-memory-based coupling scheme for modeling the behavior of a Nuclear Power Plant core",
 journaltitle = "Mecánica Computacional",
 volume = "XXXII",
 number = " Number 18 Multiphysics",
 pages = "1501--1517",
 year = "2013",
 language = "english",
 hyphenation = "english",
}

@article{enief2013-opt,
 author = "G. Theler",
 title = "Geometric Optimization of Nuclear Reactor Cores",
 journal = "Mecánica Computacional",
 volume = "XXXII",
 number = " Number 32 Optimization and Control",
 pages = "2659--2709",
 year = "2013",
 language = "english",
 hyphenation = "english",
}

@article{enief-2014-cpl,
 author = "G. Theler and {J. P.} Gómez Omil and O. Mazzantini",
 title = "A coupled scheme for the deterministic safety transient analysis of the Atucha~I Nuclear Power Plant",
 journaltitle = "Mecánica Computacional",
 volume = "Volume XXXIII",
 number = " Number 45 Computational Aplications in Nuclear Technology (B)",
 pages = "2939--2955",
 year = "2014",
 language = "english",
 hyphenation = "english",
}

@article{enief-milonga-2014,
 author = "G. Theler",
 title = "On the design basis of a new core-level neutronic code written from scratch",
 journaltitle = "Mecánica Computacional",
 volume = "XXXIII",
 number = " Number 48, Numerical Methods in Reactor Physics (B)",
 pages = "3169--3194",
 year = "2014",
 language = "english",
 hyphenation = "english",
}

@article{enief-reall-2014,
 author = "Gomez Omil J. P. and Theler G. and Mazzantini O. and Schivo M. and Syrewicz C.",
 title = "Implementation of an External Code for the Control and Protection System of Atucha~I Nuclear Power Plant",
 journaltitle = "Mecánica Computacional",
 volume = "XXXIII",
 number = " Number 44, Computational Aplications in Nuclear Technology (A)",
 pages = "2819--2830",
 year = "2014",
 language = "english",
 hyphenation = "english",
}

@article{enief-chf-2011,
 author = "Theler G. and Freis D.",
 title = "Theoretical Critical Heat Flux Prediction Based on Non-Equilibrium Thermodynamics Considerations of the Subcooled Boiling Phenomenon",
 journaltitle = "Mecánica Computacional",
 volume = "XXX",
 number = " Number 19, Heat Transfer (B)",
 pages = "1713--1732",
 year = "2011",
 language = "english",
 hyphenation = "english",
}

@article{enief-2phase-2009,
 author = "Theler G.",
 title = "Simulación de Experimentos de Estabilidad en Flujo de Dos Fases Acoplando RELAP a un Código Externo de Control Inteligente Basado en Lógica Difusa",
 journaltitle = "Mecánica Computacional",
 volume = "XXVIII",
 number = " Number 37, Heat Transfer (B)",
 pages = "3169-3183",
 year = "2009",
 language = "spanish",
 hyphenation = "spanish",
}
